
@online{noauthor_introduction_nodate,
	title = {An Introduction to Statistical Learning},
	url = {https://www.statlearning.com},
	titleaddon = {An Introduction to Statistical Learning},
	urldate = {2024-06-15},
	langid = {american},
	file = {Snapshot:C\:\\Users\\Franz\\Zotero\\storage\\8QISMEN2\\www.statlearning.com.html:text/html},
}

@article{sohil_introduction_2022,
	title = {An introduction to statistical learning with applications in R: by Gareth James, Daniela Witten, Trevor Hastie, and Robert Tibshirani, New York, Springer Science and Business Media, 2013, \$41.98, {eISBN}: 978-1-4614-7137-7},
	volume = {6},
	issn = {2475-4269, 2475-4277},
	url = {https://www.tandfonline.com/doi/full/10.1080/24754269.2021.1980261},
	doi = {10.1080/24754269.2021.1980261},
	shorttitle = {An introduction to statistical learning with applications in R},
	pages = {87--87},
	number = {1},
	journaltitle = {Statistical Theory and Related Fields},
	shortjournal = {Statistical Theory and Related Fields},
	author = {Sohil, Fariha and Sohali, Muhammad Umair and Shabbir, Javid},
	urldate = {2024-06-15},
	date = {2022-01-02},
	langid = {english},
	file = {Sohil et al. - 2022 - An introduction to statistical learning with appli.pdf:C\:\\Users\\Franz\\Zotero\\storage\\KI7S5X9F\\Sohil et al. - 2022 - An introduction to statistical learning with appli.pdf:application/pdf},
}

@book{james_introduction_2021,
	location = {New York, {NY}},
	title = {An Introduction to Statistical Learning: with Applications in R},
	rights = {https://www.springer.com/tdm},
	isbn = {978-1-07-161417-4 978-1-07-161418-1},
	url = {https://link.springer.com/10.1007/978-1-0716-1418-1},
	series = {Springer Texts in Statistics},
	shorttitle = {An Introduction to Statistical Learning},
	publisher = {Springer {US}},
	author = {James, Gareth and Witten, Daniela and Hastie, Trevor and Tibshirani, Robert},
	urldate = {2024-06-15},
	date = {2021},
	langid = {english},
	doi = {10.1007/978-1-0716-1418-1},
	file = {Available Version (via Google Scholar):C\:\\Users\\Franz\\Zotero\\storage\\EKXTLWT8\\James et al. - 2021 - An Introduction to Statistical Learning with Appl.pdf:application/pdf},
}

@article{cortes_support-vector_1995,
	title = {Support-vector networks},
	volume = {20},
	rights = {http://www.springer.com/tdm},
	issn = {0885-6125, 1573-0565},
	url = {http://link.springer.com/10.1007/BF00994018},
	doi = {10.1007/BF00994018},
	pages = {273--297},
	number = {3},
	journaltitle = {Machine Learning},
	shortjournal = {Mach Learn},
	author = {Cortes, Corinna and Vapnik, Vladimir},
	urldate = {2024-06-16},
	date = {1995-09},
	langid = {english},
	file = {Available Version (via Google Scholar):C\:\\Users\\Franz\\Zotero\\storage\\F8S29KAF\\Cortes und Vapnik - 1995 - Support-vector networks.pdf:application/pdf},
}

@misc{gesis-leibniz-institut_fur_sozialwissenschaften_allbuscompactggsscompact_2023,
	title = {{ALLBUScompact}/{GGSScompact} 2021 (Allgemeine Bevölkerungsumfrage der Sozialwissenschaften/German General Social Survey 2021)Allgemeine Bevölkerungsumfrage der Sozialwissenschaften {ALLBUScompact} 2021},
	rights = {Alle im {GESIS} {DBK} veröffentlichten Metadaten sind frei verfügbar unter den Creative Commons {CC}0 1.0 Universal Public Domain Dedication. {GESIS} bittet jedoch darum, dass Sie alle Metadatenquellen anerkennen und sie nennen, etwa die Datengeber oder jeglichen Aggregator, inklusive {GESIS} selbst. Für weitere Informationen siehe https://dbk.gesis.org/dbksearch/guidelines.asp?db=d, All metadata from {GESIS} {DBK} are available free of restriction under the Creative Commons {CC}0 1.0 Universal Public Domain Dedication. However, {GESIS} requests that you actively acknowledge and give attribution to all metadata sources, such as the data providers and any data aggregators, including {GESIS}. For further information see https://dbk.gesis.org/dbksearch/guidelines.asp},
	url = {https://search.gesis.org/research_data/ZA5281?doi=10.4232/1.14239},
	doi = {10.4232/1.14239},
	abstract = {{ALLBUScompact} is offered as an alternative to the structurally morecomplex full version of {ALLBUS}. It addresses the needs of newcomers todata analysis by providing a simplified demography module containing aneasily manageable group of the most important demographic indicators.All topical question modules not containing sensitive data are retainedas in the {ALLBUS} full version (scientific use file).
Topics: 
1.) Use of media: Frequency and average total time of watching tv,frequency of watching news programs on public and commercial tv,frequency of reading a daily newspaper per week, frequency of readingbooks / e-books; internet use: frequency and type of device, frequencyof using social media for political information, trustworthiness ofdifferent news sources with regard to crime and public safety. 
2.) Social Inequality: Self-assessment of social class, fair share instandard of living, assessment of access to education, attitudestowards social inequality and the welfare state. 
3.) Ethnocentrism and minorities: Attitude towards the influx ofvarious groups of immigrants, attitudes towards the foreigners livingin Germany, contacts with foreigners, antisemitic stereotypes andprejudices, attitudes towards Islam (Islamophobia), perceived risks andchances with respect to refugees. 
4.) Family and gender roles: Attitudes towards working fathers andmothers, division of labor regarding house and family work., importanceof educational goals. 
5.) Values: Work orientations, attitudes towards legalizing abortion,materialism / postmaterialism (importance of law and order, fightingrising prices, free expression of opinions and influence ongovernmental decisions).
6.) Political attitudes: Pride in being a German, confidence in publicinstitutions and organizations (public health service, federalconstitutional court, federal parliament (Bundestag), city or municipaladministration, churches, judiciary, television, newspapers,universities, federal government, the police, political parties,European Commission, European Parliament); identification with owncommunity, the Federal Republic of Germany and the {EU}, preference forlower taxes or more social spending, stance on extension or reductionin social services, perceived strength of conflicts between socialgroups, political interest, self-placement on left-right continuum,satisfaction with democracy in Germany, voting intention(Sonntagsfrage). 
7.) Deviant behavior and sanctions: Assessment of adequacy of courtdecisions, development of crime rate, moral assessment of deviant acts,crime-specific desire for sanctions (punitivity), desire to prohibitspecific behaviors, attitude towards the death penalty, self-reporteddeviant behavior (past and future), perceived risk of being caughtcommitting various crimes, victimisation (theft, any crime), respect ofthe law (norm), deterring crime through punishment, purpose ofpunishment, self-control (Grasmick), fear of crime, feeling of safetyin living environment. 
8.) Health: Self-assessment of overall health, physical and mentalhealth during the last four weeks, acceptance of state powers tocontrol epidemics.
 9.) Religion: Self-assessment of religiousness, denomination,frequency of church attendance / attending a house of God. 
10.) Other topics: Assessment of the present and future economicsituation in Germany, assessment of present and future personaleconomic situation, social pessimism and orientation towards the future(anomia), interpersonal trust, reciprocity, authoritarianism, overalllife satisfaction. 
11.) {ALLBUS}-Demography: Details about the respondent: age, gender, marital status, citizenship(nationality), school education, vocational training, employmentstatus, affiliation to public service, working hours per week (primaryand secondary job), supervisory functions, fear of unemployment, lengthof unemployment, status of non-employment, date of termination offull-time employment, current or former membership in a trade union,membership in a political party, respondent´s income. Place ofresidence (size of municipality), duration of residence (in Germany andat current place of residence), mobility. 
Details about respondent´s current spouse: age, school education,vocational training, employment status, affiliation to public service,status of non-employment. 
Details about respondent´s steady partner: age, school education,vocational training, employment status, affiliation to public service,status of non-employment, common household with respondent. 
Details about respondent´s parents: cohabitation with respondent asadolescent, school education of mother and father, vocational trainingof mother and father. 
Description of household: size of household, household income, numberof persons older than 17 in household (reduced size of household). 
12.) Data on the interview (paradata): Study number, digital objectidentifier, release, respondent id, mode of data collection. 
13.) Added value: Inglehart-Index, Standard International {OccupationalPrestige} Scale ({SIOPS}, according to Ganzeboom), {InternationalSocio}-economic Index of Occupational Status ({ISEI}, according {toGanzeboom}), European Socio-Economic Groups ({ESeG}), {InternationalStandard} Classification of Education ({ISCED}) 1997 and 2011, livingarrangement and family situation, transformation weight for analyses onhousehold level, east-west design weight.},
	version = {1.0.1},
	publisher = {{GESIS}},
	author = {{GESIS-Leibniz-Institut Für Sozialwissenschaften}},
	editora = {Westle, Bettina and Auspurg, Katrin and Bühler, Christoph and Hadjar, Andreas and Hillmert, Steffen and Rosar, Ulrich and Wagner, Ulrich and {Kantar Public, Munich}},
	editoratype = {collaborator},
	urldate = {2024-06-17},
	date = {2023},
	langid = {german},
}
